@book{Kiczales:1991:AMP:574212,
 author = {Kiczales, Gregor and Rivieres, Jim Des},
 title = {The  Art of the Metaobject Protocol},
 year = {1991},
 isbn = {0262111586},
 publisher = {MIT Press},
 address = {Cambridge, MA, USA},
} 

@book{Steele:1984:CLL,
  author =       "Guy L. Steele",
  title =        "{COMMON LISP}: the language",
  publisher =    pub-DP,
  address =      pub-DP:adr,
  pages =        "xii + 465",
  year =         "1984",
  ISBN =         "0-932376-41-X (paperback)",
  ISBN-13 =      "978-0-932376-41-1 (paperback)",
  LCCN =         "QA76.73.L23S73 1984",
  bibdate =      "Wed Jan 29 17:05:18 2003",
  bibsource =    "http://www.math.utah.edu/pub/tex/bib/common-lisp.bib",
  note =         "With contributions by Scott E. Fahlman and Richard P.
                 Gabriel and David A. Moon and Daniel L. Weinreb.",
  acknowledgement = ack-nhfb,
  keywords =     "COMMON LISP (Computer program language)",
}

@book{Steele:1990:CLL:95411,
 author = {Steele,Jr., Guy L.},
 title = {Common LISP: The Language (2nd Ed.)},
 year = {1990},
 isbn = {1-55558-041-6},
 publisher = {Digital Press},
 address = {Newton, MA, USA},
}
