@book{GNUEmacsLispReferenceManual,
 author = {Lewis, Bill and LaLiberte, Dan and Stallman, Richard},
 title = {GNU Emacs Lisp Reference Manual},
 year = {2014},
 isbn = {1-882114-74-4},
 publisher = {Free Software Foundation},
 address = {Boston, MA, USA},
}

@book{CraftOfTextEditiing,
  author =       "Craig A. Finseth",
  title =        "The Craft of Text Editing -- Emacs for the Modern
                 World",
  publisher =    {Springer-Verlag},
  pages =        "xii + 220",
  year =         "1991",
  ISBN =         "0-387-97616-7 (New York), 3-540-97616-7 (Berlin)",
  ISBN-13 =      "978-0-387-97616-7 (New York), 978-3-540-97616-5
                 (Berlin)",
  LCCN =         "QA76.76.T49 F56 1991",
  bibdate =      "Mon Oct 4 11:54:52 1993",
  bibsource =    "http://www.math.utah.edu/pub/tex/bib/gnu.bib;
                 Misc/unix.2.bib; Os/unix.2.bib",
  acknowledgement = ack-nhfb,
  libnote =      "Not yet in my library.",
}

@MastersThesis{Finseth:1980:TPTa,
  author =       "Craig A. Finseth",
  title =        "Theory and practice of text editors, or, {A} cookbook
                 for an Emacs",
  type =         "Thesis (B.S.)",
  school =       "M.I.T., Department of Electrical Engineering and
                 Computer Science",
  address =      "Cambridge, MA, USA",
  pages =        "103",
  year =         "1980",
  bibdate =      "Wed Oct 30 08:29:31 MST 1996",
  bibsource =    "http://www.math.utah.edu/pub/tex/bib/gnu.bib",
  note =         "Supervised by David P. Reed.",
  acknowledgement = ack-nhfb,
  keywords =     "Programming (Electronic computers) --- Handbooks,
                 manuals, etc.",
}
